<?xml version="1.0" encoding="UTF-8"?><collection><record><leader>06512ntm a2200541 a 4500</leader><controlfield tag="001">006788840</controlfield><controlfield tag="003">MiAaHDL</controlfield><controlfield tag="005">20190719000000.0</controlfield><controlfield tag="006">m        d        </controlfield><controlfield tag="007">cr bn ---auaua</controlfield><controlfield tag="008">090520q15401560xx            00| ||ara d</controlfield><datafield tag="035" ind1=" " ind2=" "><subfield code="a">(MiU)006788840</subfield></datafield><datafield tag="035" ind1=" " ind2=" "><subfield code="a">sdr-miu006788840</subfield></datafield><datafield tag="040" ind1=" " ind2=" "><subfield code="a">MiU</subfield><subfield code="c">MiU</subfield><subfield code="e">amremm</subfield></datafield><datafield tag="043" ind1=" " ind2=" "><subfield code="a">n-us-mi</subfield></datafield><datafield tag="100" ind1="1" ind2=" "><subfield code="6">880-01</subfield><subfield code="a">Bahāʼ al-Dīn Zādah, Muḥammad ibn Bahāʼ al-Dīn,</subfield><subfield code="d">-1545.</subfield></datafield><datafield tag="245" ind1="1" ind2="0"><subfield code="6">880-03</subfield><subfield code="a">Sharḥ asmāʼ Allāh al-ḥusná,</subfield><subfield code="f">[mid 16th century?].</subfield></datafield><datafield tag="246" ind1="3" ind2=" "><subfield code="6">880-04</subfield><subfield code="a">Sharḥ al-asmāʼ al-ḥusná</subfield></datafield><datafield tag="260" ind1=" " ind2=" "><subfield code="c">[1540-1560?].</subfield></datafield><datafield tag="300" ind1=" " ind2=" "><subfield code="a">60 leaves :</subfield><subfield code="b">paper ;</subfield><subfield code="c">201 x 156 (125 x 95) mm.</subfield></datafield><datafield tag="500" ind1=" " ind2=" "><subfield code="a">Shelfmark: Ann Arbor, University of Michigan, Special Collections Library, Isl. Ms. 535</subfield></datafield><datafield tag="500" ind1=" " ind2=" "><subfield code="a">Origin: Lacks dated colophon ; paper, etc. would suggest 16th century.</subfield></datafield><datafield tag="500" ind1=" " ind2=" "><subfield code="a">Accompanying materials: a. Inventory cataloguing slip in hand of Winifred Smeaton Thomas (pp.1-2) -- b. Acquisitions slip from Yahuda (pp.3-4).</subfield></datafield><datafield tag="500" ind1=" " ind2=" "><subfield code="a">Former shelfmark: From interior of upper cover and label on lower cover "IL 178" (likely supplied by Yahuda, see acquisitions slip).</subfield></datafield><datafield tag="500" ind1=" " ind2=" "><subfield code="a">Binding: Pasteboards covered in shell marbled paper (mainly in pink and blue, which Jake Benson has identified as being of 19th century Spanish manufacture) with red leather over spine (quarter binding) ; Type III binding (without flap) ; board linings in untinted wove paper ; sewn in white thread, two stations ; overall in fair condition with some abrasion, lifting and losses of paper, almost fully detached at spine, etc.</subfield></datafield><datafield tag="500" ind1=" " ind2=" "><subfield code="a">Support: European laid paper with 9 laid lines per cm. (vertical), chain lines spaced 32-34 mm. apart (horizontal), and bull's head watermark (without motif above, see p.10, 94, 95, etc.) ; sturdy and well-burnished to glossy ; some staining and tide lines.</subfield></datafield><datafield tag="500" ind1=" " ind2=" "><subfield code="a">Decoration: Keywords and abbreviation symbols rubricated ; textual dividers in the form of red inverted commas.</subfield></datafield><datafield tag="500" ind1=" " ind2=" "><subfield code="a">Script: Naskh ; small, compact Turkish or 'Syrian' hand with Persianate features ; fairly vertical and virtually serifless with mainly curvilinear descenders, pointing in strokes rather than distinct dots, point of final nūn set deep within bowl, kāf mashkūlah (mashqūqah) preferred, occasional hāʼ looking like two inverted commas one above the other, and some free assimilation of letters.</subfield></datafield><datafield tag="500" ind1=" " ind2=" "><subfield code="a">Layout: Written in 19 lines per page ; frame-ruled.</subfield></datafield><datafield tag="500" ind1=" " ind2=" "><subfield code="a">Collation: 6 V(60) ; exclusively quinions ; catchwords present ; pagination in pencil, Western numerals, supplied during digitization (includes inserts).</subfield></datafield><datafield tag="500" ind1=" " ind2=" "><subfield code="a">Explicit: "قال رسول الله عليه الدين النصيحة قالوا لمن يا رسول الله قال لله ولرسوله ولائمة المسلمين وعامتهم وارجو انا [؟] ان يكون هذا المختصر [؟] ... وان اكون من الناصحين للمسلمين مقيمي الدين واسأل الله ان يجعلني من المنتفعين ... واجعلني من الذين لا خوف عليهم ولا هم يحزنون وصلى الله على سيدنا محمد واله وصحبه اجمعين والحمد لله اولا واخرا وهو رب العالمين تم"</subfield></datafield><datafield tag="500" ind1=" " ind2=" "><subfield code="a">Incipit: "الحمد لله الذي تفرد في ذاته بالعلو والغني وتسمى في الازل باسمائه الحسنى ... وبعد يقول العبد المعتصم بحبل الله المتين والمتمسك بالعروة الوثقى حب الله ورسله ثم حب الفقراء والمساكين اضعف العباد محمد بن بهاء الدين ... اعلم ان نبينا صلوات الله عليه انما ختمت به النبوة الشريفة لجمعية استعداد وكلية فوائد لانه مظهر الاسم الاعظم الجامع لجميع الاسماء ..."</subfield></datafield><datafield tag="500" ind1=" " ind2=" "><subfield code="a">Title from inscriptions on 'title page' (p.5).</subfield></datafield><datafield tag="500" ind1=" " ind2=" "><subfield code="a">Ms. codex.</subfield></datafield><datafield tag="510" ind1="4" ind2=" "><subfield code="a">Ḥājjī Khalīfah. Kasf al-ẓunūn,</subfield><subfield code="c">iv, 26, no.7470 [2/1034]</subfield></datafield><datafield tag="510" ind1="4" ind2=" "><subfield code="a">Brockelmann, C. GAL,</subfield><subfield code="c">II 329</subfield></datafield><datafield tag="520" ind1="8" ind2=" "><subfield code="a">Fine copy of a treatise on the most beautiful names of God (al-asmāʼ al-ḥusná) by Muḥyī al-Dīn Muḥammad ibn Bahāʼ al-Dīn, al-shahīr bi-Bahāʼ al-Dīn Zādah.</subfield></datafield><datafield tag="538" ind1=" " ind2=" "><subfield code="a">Mode of access: Internet.</subfield></datafield><datafield tag="541" ind1=" " ind2=" "><subfield code="a">Acquired in 1926 from the bookseller Isaac Benjamin S.E. Yahuda via purchase transacted on his behalf by Abraham Shalom Yahuda (1877-1951), his younger brother.</subfield></datafield><datafield tag="546" ind1=" " ind2=" "><subfield code="a">Arabic.</subfield></datafield><datafield tag="561" ind1=" " ind2=" "><subfield code="a">Several former owners' marks on 'title page' (p.5) including ownership statement in name of Muḥammad Naʻīm ibn Aḥmad (Mehmet Naim b. Ahmet) reads "استصحبه العبد المذنب الفقير اليه تعالى محمد نعيم بن احمد ... [؟]", title / author and ownership statement in name of Maḥmūd ibn Pīr Muḥammad al-Fanārī (Mahmut b. Pir Mehmet Fenârî) reads "اسماء حسني يه بهاء الدين زاده افندينك شرحى در من كتب الفقير الى الله الباري محمود بن پير محمد الفناري", ownership statement in name of Aḥmad ibn Muḥammad ibn Ḥasan al-Sāmsūnī (Ahmet b. Mehmet b. Hasen es-Samsunî) reads "من كتب الفقير الى الله الغني احمد بن محمد بن حسن السامسوني عفي عنهم", three effaced statements including one dated 1213 [1798 or 9], ownership statement in name of one Muṣṭafá (مصطفى) and ownership statement in name of ʻAbd al-Razzāq ibn Bakrī al-Sammān (Abdürrezzak b. Bekri es-Saman) reads "ثم صار من كتب العبد الفقير المعترف بالذنب والتقصير الى ربه المنان عبد الرزاق ابن بكرى السمان" ; note in Turkish at close (p.124) dated 1 Ramaḍān 1212 [ca. 17 February 1798] ; occasional marginal glosses and corrections.</subfield></datafield><datafield tag="650" ind1=" " ind2="0"><subfield code="a">Manuscripts, Arabic</subfield><subfield code="z">Michigan</subfield><subfield code="z">Ann Arbor.</subfield></datafield><datafield tag="650" ind1=" " ind2="0"><subfield code="a">Naqshabandīyah</subfield><subfield code="v">Early works to 1800.</subfield></datafield><datafield tag="650" ind1=" " ind2="0"><subfield code="a">God (Islam)</subfield><subfield code="x">Name</subfield><subfield code="v">Early works to 1800.</subfield></datafield><datafield tag="773" ind1="0" ind2=" "><subfield code="a">Yahuda Collection.</subfield></datafield><datafield tag="880" ind1="3" ind2=" "><subfield code="6">246-04/</subfield><subfield code="a">شرح الاسماء الحسنى</subfield></datafield><datafield tag="880" ind1="1" ind2="0"><subfield code="6">245-03/</subfield><subfield code="a">شرح اسماء الله الحسنى,</subfield><subfield code="f">[اواسط القرن 16م؟].</subfield></datafield><datafield tag="880" ind1="1" ind2=" "><subfield code="6">100-01/</subfield><subfield code="a">بهاء الدين زادة، محمد بن بهاء الدين.</subfield></datafield><datafield tag="CID" ind1=" " ind2=" "><subfield code="a">006788840</subfield></datafield><datafield tag="DAT" ind1="0" ind2=" "><subfield code="a">20190719102635.0</subfield><subfield code="b">20190719000000.0</subfield></datafield><datafield tag="DAT" ind1="1" ind2=" "><subfield code="a">20190719090653.0</subfield><subfield code="b">2019-07-19T16:11:24Z</subfield></datafield><datafield tag="DAT" ind1="2" ind2=" "><subfield code="a">2015-10-02T18:00:03Z</subfield></datafield><datafield tag="CAT" ind1=" " ind2=" "><subfield code="a">SDR-MIU</subfield><subfield code="d">EX LIBRIS - ALEPH</subfield><subfield code="l">prepare.pl-004-008</subfield></datafield><datafield tag="FMT" ind1=" " ind2=" "><subfield code="a">BK</subfield></datafield><datafield tag="HOL" ind1=" " ind2=" "><subfield code="0">sdr-miu006788840</subfield><subfield code="a">MiU</subfield><subfield code="b">SDR</subfield><subfield code="c">MIU</subfield><subfield code="p">mdp.39015079126382</subfield><subfield code="s">MIU</subfield><subfield code="1">006788840</subfield></datafield><datafield tag="974" ind1=" " ind2=" "><subfield code="b">MIU</subfield><subfield code="c">MIU</subfield><subfield code="d">20190719</subfield><subfield code="s">lit-dlps-dc</subfield><subfield code="u">mdp.39015079126382</subfield><subfield code="y">1560</subfield><subfield code="r">pd</subfield><subfield code="q">bib</subfield><subfield code="t">non-US bib date2 &lt; 1896</subfield></datafield></record></collection>